<?xml version = "1.0" encoding = "UTF-8"?><record>
  <leader>01018nam#a2200313#cc4500</leader>
  <controlfield tag="005">20210408063929.0</controlfield>
  <controlfield tag="007">tu</controlfield>
  <controlfield tag="008">981001|1994####gw############|||#|#ger#c</controlfield>
  <controlfield tag="003">DE-605</controlfield>
  <controlfield tag="001">990087234810206441</controlfield>
  <datafield tag="016" ind1="7" ind2=" ">
    <subfield code="a">1068527298</subfield>
    <subfield code="2">OCoLC</subfield>
  </datafield>
  <datafield tag="020" ind1=" " ind2=" ">
    <subfield code="a">3454128013</subfield>
    <subfield code="9">3-454-12801-3</subfield>
    <subfield code="0">(uri) http://www.isbnsearch.org/isbn/3454128013</subfield>
  </datafield>
  <datafield tag="035" ind1=" " ind2=" ">
    <subfield code="a">(DE-605)HT009054973</subfield>
  </datafield>
  <datafield tag="040" ind1=" " ind2=" ">
    <subfield code="a">6/Inst</subfield>
    <subfield code="b">ger</subfield>
    <subfield code="d">HBZ/Red</subfield>
    <subfield code="e">rakwb</subfield>
  </datafield>
  <datafield tag="041" ind1=" " ind2=" ">
    <subfield code="a">ger</subfield>
  </datafield>
  <datafield tag="044" ind1=" " ind2=" ">
    <subfield code="c">XA-DE</subfield>
  </datafield>
  <datafield tag="245" ind1="0" ind2="0">
    <subfield code="a">Erziehungssituationen und Erziehungsprozesse</subfield>
    <subfield code="n">[Hauptband]</subfield>
    <subfield code="c">erarb. von Heribert Fischer</subfield>
  </datafield>
  <datafield tag="250" ind1=" " ind2=" ">
    <subfield code="a">2., &#252;berarb. und erw. Aufl., 3. Druck</subfield>
  </datafield>
  <datafield tag="264" ind1=" " ind2="1">
    <subfield code="a">Frankfurt am Main</subfield>
    <subfield code="b">Hirschgraben-Verl.</subfield>
    <subfield code="c">1994</subfield>
  </datafield>
  <datafield tag="300" ind1=" " ind2=" ">
    <subfield code="a">144 S. : Ill.</subfield>
  </datafield>
  <datafield tag="689" ind1="0" ind2="0">
    <subfield code="a">P&#228;dagogikunterricht</subfield>
    <subfield code="D">s</subfield>
    <subfield code="0">(DE-588)4044306-1</subfield>
    <subfield code="0">(uri) https://portal.dnb.de/opac.htm?method=simpleSearch&amp;cqlMode=true&amp;query=idn=04044306X</subfield>
    <subfield code="0">(uri) http://viaf.org/viaf/sourceID/DNB|04044306X</subfield>
    <subfield code="B">GND-04044306X</subfield>
  </datafield>
  <datafield tag="689" ind1="0" ind2="1">
    <subfield code="a">Schuljahr 11</subfield>
    <subfield code="D">s</subfield>
    <subfield code="0">(DE-588)4053513-7</subfield>
    <subfield code="0">(uri) https://portal.dnb.de/opac.htm?method=simpleSearch&amp;cqlMode=true&amp;query=idn=040535134</subfield>
    <subfield code="0">(uri) http://viaf.org/viaf/sourceID/DNB|040535134</subfield>
    <subfield code="B">GND-040535134</subfield>
  </datafield>
  <datafield tag="689" ind1="0" ind2="2">
    <subfield code="a">Schulbuch</subfield>
    <subfield code="D">s</subfield>
    <subfield code="0">(DE-588)4053458-3</subfield>
    <subfield code="0">(uri) https://portal.dnb.de/opac.htm?method=simpleSearch&amp;cqlMode=true&amp;query=idn=040534588</subfield>
    <subfield code="0">(uri) http://viaf.org/viaf/sourceID/DNB|040534588</subfield>
    <subfield code="B">GND-040534588</subfield>
  </datafield>
  <datafield tag="700" ind1="1" ind2=" ">
    <subfield code="a">Fischer, Heribert</subfield>
    <subfield code="4">oth</subfield>
    <subfield code="e">Bearb.</subfield>
    <subfield code="9">O:H</subfield>
  </datafield>
  <datafield tag="773" ind1="0" ind2="8">
    <subfield code="w">(DE-605)HT002191515</subfield>
    <subfield code="q">1</subfield>
  </datafield>
  <datafield tag="964" ind1="0" ind2="s">
    <subfield code="F">030</subfield>
    <subfield code="A">a|1uc||||||||</subfield>
  </datafield>
  <datafield tag="964" ind1="0" ind2="s">
    <subfield code="F">050</subfield>
    <subfield code="A">a|||||||||||||</subfield>
  </datafield>
  <datafield tag="035" ind1=" " ind2=" ">
    <subfield code="a">(OCoLC)1068527298</subfield>
    <subfield code="0">(uri) http://www.worldcat.org/oclc/1068527298</subfield>
  </datafield>
  <datafield tag="035" ind1=" " ind2=" ">
    <subfield code="a">(DE-599)HBZHT009054973</subfield>
  </datafield>
  <datafield tag="MBD" ind1=" " ind2=" ">
    <subfield code="M">49HBZ_NETWORK</subfield>
    <subfield code="i">990087234810206441</subfield>
    <subfield code="n">HBZ Network</subfield>
  </datafield>
  <datafield tag="MNG" ind1=" " ind2=" ">
    <subfield code="c">System</subfield>
    <subfield code="f">ILS</subfield>
    <subfield code="i">marc21</subfield>
    <subfield code="k">01</subfield>
    <subfield code="e">false</subfield>
    <subfield code="d">2021-04-08 06:39:29 Europe/Berlin</subfield>
    <subfield code="g">008723481-HBZ01</subfield>
    <subfield code="j">60</subfield>
    <subfield code="a">import</subfield>
    <subfield code="b">2021-04-05 20:50:00 Europe/Berlin</subfield>
  </datafield>
  <datafield tag="GST" ind1=" " ind2=" ">
    <subfield code="a">Lehrwerk</subfield>
    <subfield code="g">Schulbuch</subfield>
    <subfield code="A">GND</subfield>
    <subfield code="B">GND-040534588</subfield>
    <subfield code="C">450</subfield>
  </datafield>
  <datafield tag="GST" ind1=" " ind2=" ">
    <subfield code="a">Schullehrbuch</subfield>
    <subfield code="A">GND</subfield>
    <subfield code="B">GND-040534588</subfield>
    <subfield code="C">450</subfield>
  </datafield>
  <datafield tag="GST" ind1=" " ind2=" ">
    <subfield code="a">Schu&#776;lerlehrbuch</subfield>
    <subfield code="A">GND</subfield>
    <subfield code="B">GND-040534588</subfield>
    <subfield code="C">450</subfield>
  </datafield>
  <datafield tag="GST" ind1=" " ind2=" ">
    <subfield code="a">Schulbu&#776;cher</subfield>
    <subfield code="A">GND</subfield>
    <subfield code="B">GND-040534588</subfield>
    <subfield code="C">450</subfield>
  </datafield>
  <datafield tag="GST" ind1=" " ind2=" ">
    <subfield code="a">Lehrwerke</subfield>
    <subfield code="A">GND</subfield>
    <subfield code="B">GND-040534588</subfield>
    <subfield code="C">450</subfield>
  </datafield>
  <datafield tag="GSI" ind1="7" ind2=" ">
    <subfield code="a">http://d-nb.info/gnd/4053458-3</subfield>
    <subfield code="2">uri</subfield>
    <subfield code="A">GND</subfield>
    <subfield code="B">GND-040534588</subfield>
    <subfield code="C">024</subfield>
  </datafield>
  <datafield tag="GSI" ind1="7" ind2=" ">
    <subfield code="a">http://d-nb.info/gnd/4053513-7</subfield>
    <subfield code="2">uri</subfield>
    <subfield code="A">GND</subfield>
    <subfield code="B">GND-040535134</subfield>
    <subfield code="C">024</subfield>
  </datafield>
  <datafield tag="GST" ind1=" " ind2=" ">
    <subfield code="a">Erziehungskunde</subfield>
    <subfield code="A">GND</subfield>
    <subfield code="B">GND-04044306X</subfield>
    <subfield code="C">450</subfield>
  </datafield>
  <datafield tag="GST" ind1=" " ind2=" ">
    <subfield code="a">Erziehungslehre</subfield>
    <subfield code="g">Unterrichtsfach</subfield>
    <subfield code="A">GND</subfield>
    <subfield code="B">GND-04044306X</subfield>
    <subfield code="C">450</subfield>
  </datafield>
  <datafield tag="GST" ind1=" " ind2=" ">
    <subfield code="a">Erziehungswissenschaftlicher Unterricht</subfield>
    <subfield code="A">GND</subfield>
    <subfield code="B">GND-04044306X</subfield>
    <subfield code="C">450</subfield>
  </datafield>
  <datafield tag="GST" ind1=" " ind2=" ">
    <subfield code="a">Sekundarstufe</subfield>
    <subfield code="x">P&#228;dagogikunterricht</subfield>
    <subfield code="A">GND</subfield>
    <subfield code="B">GND-04044306X</subfield>
    <subfield code="C">450</subfield>
  </datafield>
  <datafield tag="GSI" ind1="7" ind2=" ">
    <subfield code="a">4044306-1</subfield>
    <subfield code="0">http://d-nb.info/gnd/4044306-1</subfield>
    <subfield code="2">gnd</subfield>
    <subfield code="A">GND</subfield>
    <subfield code="B">GND-04044306X</subfield>
    <subfield code="C">024</subfield>
  </datafield>
</record>